<?xml version="1.0" encoding="UTF-8"?><collection xmlns="http://www.loc.gov/MARC21/slim"><record><leader>00441nam--2200169-i-4500</leader><controlfield tag="001">000015671</controlfield><controlfield tag="002">20161230</controlfield><controlfield tag="005">20170225102155</controlfield><controlfield tag="008">060222s1000------------r-----000-0-eng-d</controlfield><datafield ind1=" " ind2=" " tag="100"><subfield code="a">Cefler, Ulrich</subfield></datafield><datafield ind1=" " ind2=" " tag="245"><subfield code="a">Wissensspeicher-mikrorechner programmierung</subfield></datafield><datafield ind1=" " ind2=" " tag="260"><subfield code="a">Berlin</subfield><subfield code="b">Veb Verlag Technik</subfield><subfield code="c">1986</subfield></datafield><datafield ind1=" " ind2=" " tag="300"><subfield code="a">200 p</subfield></datafield><datafield ind1=" " ind2=" " tag="490"><subfield code="a">Technische Informatik</subfield></datafield><datafield ind1=" " ind2=" " tag="700"><subfield code="a">Classen, Ludwig</subfield></datafield><datafield ind1=" " ind2=" " tag="852"><subfield code="a">681.3</subfield></datafield><datafield ind1=" " ind2=" " tag="CAT"><subfield code="a">SYS</subfield><subfield code="c">20170225</subfield><subfield code="h">102155</subfield></datafield></record></collection>